@IEEEtranBSTCTL{bstctl:etal,
  CTLuse_forced_etal = {yes},
  CTLmax_names_forced_etal = {3},
}

@IEEEtranBSTCTL{bstctl:nodash,
  CTLdash_repeated_names = {no},
}

@IEEEtranBSTCTL{bstctl:simpurl,
  CTLname_url_prefix = {Available: },
}

@book{lamport94,
    author    = "Leslie Lamport",
    title     = "{\LaTeX: A Document Preparation System}",
    year      = "1994",
    publisher = "Addison-Wesley",
    edition = "2nd",
    address   = "Reading, Massachusetts"
}

@inproceedings{nicepaper,
  author = "Firstname1 Lastname1 and Firstname2 Lastname2",
  title = "A Very Nice Paper To Cite",
  year = "2000",
  booktitle = "International Symposium on Computer Architecture"
}

@inproceedings{fahl,
 author = {Fahl, Sascha and Harbach, Marian and Muders, Thomas and Smith, Matthew and Sander, Uwe},
 title = {Helping Johnny 2.0 to Encrypt His Facebook Conversations},
 booktitle = {Proceedings of the Eighth Symposium on Usable Privacy and Security},
 series = {SOUPS '12},
 year = {2012},
 isbn = {978-1-4503-1532-6},
 location = {Washington, D.C.},
 pages = {11:1--11:17},
 articleno = {11},
 numpages = {17},
 url = {http://doi.acm.org/10.1145/2335356.2335371},
 doi = {10.1145/2335356.2335371},
 acmid = {2335371},
 publisher = {ACM},
 address = {New York, NY, USA},
 keywords = {message encryption, social networks, usable security},
} 

@online{mailpile,
  author = "Einarsson, Bjarni and McCarthy, Sm√°ri and  Novak, Brennan",
  title = "Mailpile",
  year = "2015",
  url = "https://www.mailpile.is/"
}

@online{smtorp,
  author = "Bjarni Einarsson and Brennan Novak",
  title = "SMTorP",
  year = "2014",
  url = "https://github.com/mailpile/Mailpile/wiki/SMTorP"
}

@online{pond,
  author = "Adam Langley",
  title = "Pond",
  year = "2015",
  url = "https://pond.imperialviolet.org/"
}

@online{spreadsheet,
  author = "Joseph Bonneau et al.",
  title = "List of secure messaging apps",
  year = "2014",
  url = "https://docs.google.com/spreadsheets/d/1-f-s1pRlS3leF0h1BxW-cmhcBxKEh2BuvBbSqeu6teA/edit?usp=sharing"
}

@online{hardprob,
  author = "LEAP Encryption Access Project",
  title = "Hard problems in secure communication",
  year = "2012",
  url = "https://leap.se/en/2013/the-big-seven"
}

@inproceedings{johnny,
 author = {Whitten, Alma and Tygar, J. D.},
 title = {Why Johnny Can'T Encrypt: A Usability Evaluation of PGP 5.0},
 booktitle = {Proceedings of the 8th Conference on USENIX Security Symposium - Volume 8},
 series = {SSYM'99},
 year = {1999},
 location = {Washington, D.C.},
 pages = {14--14},
 numpages = {1},
 url = {http://dl.acm.org/citation.cfm?id=1251421.1251435},
 acmid = {1251435},
 publisher = {USENIX Association},
 address = {Berkeley, CA, USA},
} 

@inproceedings{tor,
 author = {Dingledine, Roger and Mathewson, Nick and Syverson, Paul},
 title = {Tor: The Second-generation Onion Router},
 booktitle = {Proceedings of the 13th Conference on USENIX Security Symposium - Volume 13},
 series = {SSYM'04},
 year = {2004},
 location = {San Diego, CA},
 pages = {21--21},
 numpages = {1},
 url = {http://dl.acm.org/citation.cfm?id=1251375.1251396},
 acmid = {1251396},
 publisher = {USENIX Association},
 address = {Berkeley, CA, USA},
}

@inproceedings{garfinkel,
 author = {Garfinkel, Simson L. and Margrave, David and Schiller, Jeffrey I. and Nordlander, Erik and Miller, Robert C.},
 title = {How to Make Secure Email Easier to Use},
 booktitle = {Proceedings of the SIGCHI Conference on Human Factors in Computing Systems},
 series = {CHI '05},
 year = {2005},
 isbn = {1-58113-998-5},
 location = {Portland, Oregon, USA},
 pages = {701--710},
 numpages = {10},
 url = {http://doi.acm.org/10.1145/1054972.1055069},
 doi = {10.1145/1054972.1055069},
 acmid = {1055069},
 publisher = {ACM},
 address = {New York, NY, USA},
 keywords = {e-commerce, user interaction design, user studies},
} 

@inproceedings{ruoti,
 author = {Ruoti, Scott and Kim, Nathan and Burgon, Ben and van der Horst, Timothy and Seamons, Kent},
 title = {Confused Johnny: When Automatic Encryption Leads to Confusion and Mistakes},
 booktitle = {Proceedings of the Ninth Symposium on Usable Privacy and Security},
 series = {SOUPS '13},
 year = {2013},
 isbn = {978-1-4503-2319-2},
 location = {Newcastle, United Kingdom},
 pages = {5:1--5:12},
 articleno = {5},
 numpages = {12},
 url = {http://doi.acm.org/10.1145/2501604.2501609},
 doi = {10.1145/2501604.2501609},
 acmid = {2501609},
 publisher = {ACM},
 address = {New York, NY, USA},
 keywords = {manual encryption, secure email, security overlays, usable security},
} 
